@book{ran1996modeling,
  author    = {Ran, B. and Boyce, D. E.},
  title     = {Modeling Dynamic Transportation Network},
  publisher = {Springer-Verlag},
  year      = {1996},
  pages     = {69--83},
  address   = {Berlin}
}

@article{payton2003compound,
  author  = {Payton, D. and Estkowski, R. and Howard, M.},
  title   = {Compound behaviors in pheromone robotics},
  journal = {Robotics and Autonomous Systems},
  year    = {2003},
  volume  = {44},
  number  = {3},
  pages   = {229--240}
}

@article{su2006vision,
  author  = {Su, Lian-Cheng and Zhu, Feng},
  title   = {Design of a novel omnidirectional stereo vision system},
  journal = {Acta Automatica Sinica},
  year    = {2006},
  volume  = {32},
  number  = {1},
  pages   = {67--72},
  note    = {(苏连成, 朱枫. 一种新的全向立体视觉系统的设计. 自动化学报, 2006, 32(1): 62--72)}
}

@inproceedings{roychoudhury2000topology,
  author    = {Roychoudhury, R. and Bandyopadhyay, S. and Paul, K.},
  title     = {A distributed mechanism for topology discovery in ad hoc wireless networks using mobile agents},
  booktitle = {Proceedings of IEEE First Annual Workshop on Mobile and Ad Hoc Networking and Computing},
  year      = {2000},
  address   = {New York, USA},
  pages     = {145--146},
  publisher = {IEEE}
}

@article{hryniewicz_fuzzy,
  author  = {Hryniewicz, O.},
  title   = {An evaluation of the reliability of complex systems using shadowed sets and fuzzy lifetime data},
  journal = {International Journal of Automation and Computing},
  note    = {To be published}
}

@phdthesis{zhang1996rl,
  author = {Zhang, W.},
  title  = {Reinforcement Learning for Job-Shop Scheduling},
  school = {Peking University},
  year   = {1996},
  type   = {Ph.D. dissertation}
}

@manual{matlab2006ipt,
  title     = {Image Processing Toolbox for Use with Matlab: User's Guide},
  organization = {The Math Works},
  year      = {2006},
  note      = {Available online: \url{http://www.mathworks.com}}
}

@techreport{reily1993self,
  author      = {Reily, R. C. and Mack, J. L.},
  title       = {The Self-organization of Spatially Invariant Representations},
  institution = {Department of Psychology, Mellon University},
  year        = {1993},
  number      = {Technical Report PDP.CNS.92.5},
  address     = {USA}
}

@patent{wilkinson1990nonlinear,
  author = {Wilkinson, J. P.},
  title  = {Nonlinear Resonant Circuit},
  year   = {1990},
  number = {U.S. Patent 362412},
  month  = jul
}

@standard{ieee1969classie,
  title     = {IEEE Criteria for Class IE Electric System},
  organization = {IEEE},
  number    = {Standard 308},
  year      = {1969}
}
